<?xml version="1.0" encoding="UTF-8"?><collection xmlns="http://www.loc.gov/MARC21/slim"><record><leader>00479nam--2200169-i-4500</leader><controlfield tag="001">000036669</controlfield><controlfield tag="002">20161230</controlfield><controlfield tag="005">20161230201041</controlfield><controlfield tag="008">060222s1000------------r-----000-0-rum-d</controlfield><datafield ind1=" " ind2=" " tag="040"><subfield code="a">IFIN-HH</subfield></datafield><datafield ind1=" " ind2=" " tag="041"><subfield code="a">rum</subfield></datafield><datafield ind1=" " ind2=" " tag="080"><subfield code="a">533.9:66.095.26(043)</subfield></datafield><datafield ind1="1" ind2=" " tag="100"><subfield code="a">Aldea, Eugen</subfield></datafield><datafield ind1="1" ind2="0" tag="245"><subfield code="a">Procese de polimerizare in plasme de radiofrecventa</subfield><subfield code="b">CARACTERISTICI SI APLICATII. Teza</subfield><subfield code="c">Eugen aldea</subfield></datafield><datafield ind1=" " ind2=" " tag="260"><subfield code="a">Bucuresti</subfield><subfield code="b">Ifa</subfield><subfield code="c">1999</subfield></datafield><datafield ind1=" " ind2=" " tag="852"><subfield code="a">80987</subfield><subfield code="c">533.9</subfield></datafield><datafield ind1=" " ind2=" " tag="CAT"><subfield code="a">Sys</subfield><subfield code="c">20101005</subfield><subfield code="h">091701</subfield></datafield></record></collection>